% Encoding: UTF-8

@Book{Alan,
  Title                    = {Consistency in Network Relations},
  Author                   = {Mackworth, A.},
  journal                  = "Artificial Intelligence",
  volume                   = "8",
  pages                    = "99-118",
  doi                      = "https://doi.org/10.1016/0004-3702(77)90007-8",
  year                     = "1977",
}

